%YAML 1.1
%TAG !u! tag:unity3d.com,2011:
--- !u!1 &867630927350742188
GameObject:
  m_ObjectHideFlags: 0
  m_CorrespondingSourceObject: {fileID: 0}
  m_PrefabInstance: {fileID: 0}
  m_PrefabAsset: {fileID: 0}
  serializedVersion: 6
  m_Component:
  - component: {fileID: 867630927350742186}
  m_Layer: 0
  m_Name: Star
  m_TagString: Untagged
  m_Icon: {fileID: 0}
  m_NavMeshLayer: 0
  m_StaticEditorFlags: 0
  m_IsActive: 1
--- !u!4 &867630927350742186
Transform:
  m_ObjectHideFlags: 0
  m_CorrespondingSourceObject: {fileID: 0}
  m_PrefabInstance: {fileID: 0}
  m_PrefabAsset: {fileID: 0}
  m_GameObject: {fileID: 867630927350742188}
  m_LocalRotation: {x: -0, y: -0, z: -0, w: 1}
  m_LocalPosition: {x: -6.11, y: 6.98, z: 0}
  m_LocalScale: {x: 1, y: 1, z: 1}
  m_Children:
  - {fileID: 8211139723051704009}
  m_Father: {fileID: 0}
  m_RootOrder: 0
  m_LocalEulerAnglesHint: {x: 0, y: 0, z: 0}
--- !u!1 &873699358912588236
GameObject:
  m_ObjectHideFlags: 0
  m_CorrespondingSourceObject: {fileID: 0}
  m_PrefabInstance: {fileID: 0}
  m_PrefabAsset: {fileID: 0}
  serializedVersion: 6
  m_Component:
  - component: {fileID: 8211139723051704009}
  - component: {fileID: 4913270531552651619}
  m_Layer: 0
  m_Name: Breathe
  m_TagString: Untagged
  m_Icon: {fileID: 0}
  m_NavMeshLayer: 0
  m_StaticEditorFlags: 0
  m_IsActive: 1
--- !u!4 &8211139723051704009
Transform:
  m_ObjectHideFlags: 0
  m_CorrespondingSourceObject: {fileID: 0}
  m_PrefabInstance: {fileID: 0}
  m_PrefabAsset: {fileID: 0}
  m_GameObject: {fileID: 873699358912588236}
  m_LocalRotation: {x: 0, y: 0, z: 0, w: 1}
  m_LocalPosition: {x: 0, y: 0, z: 0}
  m_LocalScale: {x: 1, y: 1, z: 1}
  m_Children:
  - {fileID: 5362123460475883618}
  m_Father: {fileID: 867630927350742186}
  m_RootOrder: 0
  m_LocalEulerAnglesHint: {x: 0, y: 0, z: 0}
--- !u!114 &4913270531552651619
MonoBehaviour:
  m_ObjectHideFlags: 0
  m_CorrespondingSourceObject: {fileID: 0}
  m_PrefabInstance: {fileID: 0}
  m_PrefabAsset: {fileID: 0}
  m_GameObject: {fileID: 873699358912588236}
  m_Enabled: 1
  m_EditorHideFlags: 0
  m_Script: {fileID: 11500000, guid: 01ab92e8585f0dc4798643806eead941, type: 3}
  m_Name: 
  m_EditorClassIdentifier: 
  serializationData:
    SerializedFormat: 2
    SerializedBytes: 
    ReferencedUnityObjects: []
    SerializedBytesString: 
    Prefab: {fileID: 0}
    PrefabModificationsReferencedUnityObjects: []
    PrefabModifications: []
    SerializationNodes:
    - Name: breatheModifiers
      Entry: 7
      Data: 0|System.Collections.Generic.List`1[[BreatheModifierBase, Assembly-CSharp]],
        mscorlib
    - Name: 
      Entry: 12
      Data: 3
    - Name: 
      Entry: 7
      Data: 1|BreatheModifierPosition, Assembly-CSharp
    - Name: useRandomAmplitude
      Entry: 5
      Data: true
    - Name: amplitude
      Entry: 4
      Data: 0.2
    - Name: minAmplitude
      Entry: 4
      Data: 0.1
    - Name: maxAmplitude
      Entry: 4
      Data: 0.3
    - Name: useRandomPeriod
      Entry: 5
      Data: true
    - Name: period
      Entry: 4
      Data: 0.9
    - Name: minPeriod
      Entry: 4
      Data: 0.8
    - Name: maxPeriod
      Entry: 4
      Data: 1
    - Name: useRandomAxis
      Entry: 5
      Data: false
    - Name: useCustomVector
      Entry: 5
      Data: false
    - Name: axisTypeToModify
      Entry: 3
      Data: 2
    - Name: vectorToModify
      Entry: 7
      Data: UnityEngine.Vector3, UnityEngine.CoreModule
    - Name: 
      Entry: 4
      Data: 0
    - Name: 
      Entry: 4
      Data: 0
    - Name: 
      Entry: 4
      Data: 0
    - Name: 
      Entry: 8
      Data: 
    - Name: axisRandom
      Entry: 3
      Data: 0
    - Name: useCustomTransform
      Entry: 5
      Data: false
    - Name: customTransform
      Entry: 6
      Data: 
    - Name: 
      Entry: 8
      Data: 
    - Name: 
      Entry: 7
      Data: 2|BreatheModifierRotation, Assembly-CSharp
    - Name: useRandomAmplitude
      Entry: 5
      Data: false
    - Name: amplitude
      Entry: 4
      Data: 180
    - Name: minAmplitude
      Entry: 4
      Data: 0
    - Name: maxAmplitude
      Entry: 4
      Data: 0
    - Name: useRandomPeriod
      Entry: 5
      Data: true
    - Name: period
      Entry: 4
      Data: 5
    - Name: minPeriod
      Entry: 4
      Data: 4
    - Name: maxPeriod
      Entry: 4
      Data: 5
    - Name: useRandomAxis
      Entry: 5
      Data: false
    - Name: useCustomVector
      Entry: 5
      Data: false
    - Name: axisTypeToModify
      Entry: 3
      Data: 6
    - Name: vectorToModify
      Entry: 7
      Data: UnityEngine.Vector3, UnityEngine.CoreModule
    - Name: 
      Entry: 4
      Data: 0
    - Name: 
      Entry: 4
      Data: 0
    - Name: 
      Entry: 4
      Data: 0
    - Name: 
      Entry: 8
      Data: 
    - Name: axisRandom
      Entry: 3
      Data: 0
    - Name: useCustomTransform
      Entry: 5
      Data: false
    - Name: customTransform
      Entry: 6
      Data: 
    - Name: 
      Entry: 8
      Data: 
    - Name: 
      Entry: 7
      Data: 3|BreatheModifierScale, Assembly-CSharp
    - Name: useRandomAmplitude
      Entry: 5
      Data: true
    - Name: amplitude
      Entry: 4
      Data: 0.2
    - Name: minAmplitude
      Entry: 4
      Data: 0.1
    - Name: maxAmplitude
      Entry: 4
      Data: 0.2
    - Name: useRandomPeriod
      Entry: 5
      Data: true
    - Name: period
      Entry: 4
      Data: 2
    - Name: minPeriod
      Entry: 4
      Data: 1
    - Name: maxPeriod
      Entry: 4
      Data: 2
    - Name: useRandomAxis
      Entry: 5
      Data: false
    - Name: useCustomVector
      Entry: 5
      Data: false
    - Name: axisTypeToModify
      Entry: 3
      Data: 1
    - Name: vectorToModify
      Entry: 7
      Data: UnityEngine.Vector3, UnityEngine.CoreModule
    - Name: 
      Entry: 4
      Data: 0
    - Name: 
      Entry: 4
      Data: 0
    - Name: 
      Entry: 4
      Data: 0
    - Name: 
      Entry: 8
      Data: 
    - Name: axisRandom
      Entry: 3
      Data: 0
    - Name: useCustomTransform
      Entry: 5
      Data: false
    - Name: customTransform
      Entry: 6
      Data: 
    - Name: 
      Entry: 8
      Data: 
    - Name: 
      Entry: 13
      Data: 
    - Name: 
      Entry: 8
      Data: 
--- !u!1 &1072983993382085044
GameObject:
  m_ObjectHideFlags: 0
  m_CorrespondingSourceObject: {fileID: 0}
  m_PrefabInstance: {fileID: 0}
  m_PrefabAsset: {fileID: 0}
  serializedVersion: 6
  m_Component:
  - component: {fileID: 5362123460475883618}
  - component: {fileID: 8891717929586903299}
  m_Layer: 0
  m_Name: StartSprite
  m_TagString: Untagged
  m_Icon: {fileID: 0}
  m_NavMeshLayer: 0
  m_StaticEditorFlags: 0
  m_IsActive: 1
--- !u!4 &5362123460475883618
Transform:
  m_ObjectHideFlags: 0
  m_CorrespondingSourceObject: {fileID: 0}
  m_PrefabInstance: {fileID: 0}
  m_PrefabAsset: {fileID: 0}
  m_GameObject: {fileID: 1072983993382085044}
  m_LocalRotation: {x: 0, y: 0, z: 0, w: 1}
  m_LocalPosition: {x: 0, y: 0, z: 0}
  m_LocalScale: {x: 1, y: 1, z: 1}
  m_Children: []
  m_Father: {fileID: 8211139723051704009}
  m_RootOrder: 0
  m_LocalEulerAnglesHint: {x: 0, y: 0, z: 0}
--- !u!212 &8891717929586903299
SpriteRenderer:
  m_ObjectHideFlags: 0
  m_CorrespondingSourceObject: {fileID: 0}
  m_PrefabInstance: {fileID: 0}
  m_PrefabAsset: {fileID: 0}
  m_GameObject: {fileID: 1072983993382085044}
  m_Enabled: 1
  m_CastShadows: 0
  m_ReceiveShadows: 0
  m_DynamicOccludee: 1
  m_MotionVectors: 1
  m_LightProbeUsage: 1
  m_ReflectionProbeUsage: 1
  m_RenderingLayerMask: 1
  m_RendererPriority: 0
  m_Materials:
  - {fileID: 10754, guid: 0000000000000000f000000000000000, type: 0}
  m_StaticBatchInfo:
    firstSubMesh: 0
    subMeshCount: 0
  m_StaticBatchRoot: {fileID: 0}
  m_ProbeAnchor: {fileID: 0}
  m_LightProbeVolumeOverride: {fileID: 0}
  m_ScaleInLightmap: 1
  m_PreserveUVs: 0
  m_IgnoreNormalsForChartDetection: 0
  m_ImportantGI: 0
  m_StitchLightmapSeams: 1
  m_SelectedEditorRenderState: 0
  m_MinimumChartSize: 4
  m_AutoUVMaxDistance: 0.5
  m_AutoUVMaxAngle: 89
  m_LightmapParameters: {fileID: 0}
  m_SortingLayerID: 1419142205
  m_SortingLayer: -2
  m_SortingOrder: 0
  m_Sprite: {fileID: 21300000, guid: 3af67e53861e1054ca9920cf9a7dd72b, type: 3}
  m_Color: {r: 1, g: 1, b: 1, a: 0.8117647}
  m_FlipX: 0
  m_FlipY: 0
  m_DrawMode: 0
  m_Size: {x: 0.25, y: 0.25}
  m_AdaptiveModeThreshold: 0.5
  m_SpriteTileMode: 0
  m_WasSpriteAssigned: 1
  m_MaskInteraction: 0
  m_SpriteSortPoint: 0
